<?xml version="1.0" encoding="UTF-8"?><collection xmlns="http://www.loc.gov/MARC21/slim"><record><leader>00470nam--2200193-u-4500</leader><controlfield tag="001">000050733</controlfield><controlfield tag="002">20161230</controlfield><controlfield tag="005">20161230201048</controlfield><controlfield tag="008">080327s1000------------r-----000-0-eng-d</controlfield><datafield ind1=" " ind2=" " tag="040"><subfield code="a">IFIN-HH</subfield></datafield><datafield ind1=" " ind2=" " tag="080"><subfield code="a">51</subfield></datafield><datafield ind1="1" ind2=" " tag="100"><subfield code="a">Vogt,Henri et Mentre,Paul</subfield></datafield><datafield ind1="1" ind2="0" tag="245"><subfield code="a">Elements de Mathematiques Superieures (Mecanique)</subfield></datafield><datafield ind1=" " ind2=" " tag="260"><subfield code="a">Paris</subfield><subfield code="b">Librairie Vuibert</subfield><subfield code="c">1931</subfield></datafield><datafield ind1=" " ind2=" " tag="300"><subfield code="a">396 p</subfield></datafield><datafield ind1=" " ind2=" " tag="490"><subfield code="v">Vol.II</subfield></datafield><datafield ind1="9" ind2="1" tag="850"><subfield code="a">9113</subfield></datafield><datafield ind1=" " ind2=" " tag="852"><subfield code="c">51</subfield></datafield><datafield ind1=" " ind2=" " tag="CAT"><subfield code="a">Sys</subfield><subfield code="c">20080327</subfield><subfield code="h">134125</subfield></datafield></record></collection>